@misc{nistCloud,
  title={The NIST definition of cloud computing},
  author={Mell, Peter and Grance, Tim and others},
  year={2011},
  publisher={Computer Security Division, Information Technology Laboratory, Nationalâ€¦}
}
%http://www.citationmachine.net/bibtex/cite-a-website
@ONLINE{azNaming, 
    title={Naming conventions for Azure resources},
    url={https://docs.microsoft.com/de-de/azure/architecture/best-practices/naming-conventions},
    journal={Naming conventions for Azure resources}, publisher={Microsoft},
    author={Microsoft}, year={2018}, month={Oct},
    addendum = "last accessed: 21/03/2019"
}

% https://truben.no/latex/bibtex/    added addendum
@ONLINE {azVODArchitecture,
    author = "Microsoft",
    title  = "Azure DocumentionSolution architecture: Video-on-demand digital media",
    url    = "https://azure.microsoft.com/en-us/solutions/architecture/digital-media-video/",
    addendum = "last accessed: 21/03/2019"
}


@inproceedings{wang2018comparing,
  title={Comparing Cloud Content Delivery Networks for Adaptive Video Streaming},
  author={Wang, Chen and Jayaseelan, Andal and Kim, Hyong},
  booktitle={2018 IEEE 11th International Conference on Cloud Computing (CLOUD)},
  pages={686--693},
  year={2018},
  organization={IEEE}
}

@ONLINE{azRestAPI, 
    title={Microsoft Azure REST API Reference},
    url={https://docs.microsoft.com/en-us/rest/api/azure/},
    journal={Microsoft Azure REST API Reference}, publisher={Microsoft},
    author={Microsoft}, 
    addendum = "last accessed: 23/03/2019"
}

@ONLINE{azNodeAPI, 
    title={Microsoft Azure NodeJS API Reference Overview},
    url={https://docs.microsoft.com/en-us/javascript/api/overview/azure/?view=azure-node-latest},
    journal={Microsoft Azure NodeJS API Reference Overview}, publisher={Microsoft},
    author={Microsoft},
    addendum = "last accessed: 23/03/2019"
}


@inproceedings{chen2015crowdsourced,
  title={Crowdsourced live streaming over the cloud},
  author={Chen, Fei and Zhang, Cong and Wang, Feng and Liu, Jiangchuan},
  booktitle={2015 IEEE Conference on Computer Communications (INFOCOM)},
  pages={2524--2532},
  year={2015},
  organization={IEEE}
}

@article{wilson2018piloting,
  title={Piloting a Homegrown Streaming Service with IaaS},
  author={Wilson, Robert T and Dubinsky, Ellen},
  journal={Code4Lib Journal},
  number={42},
  year={2018}
}
